%YAML 1.1
%TAG !u! tag:unity3d.com,2011:
--- !u!1 &4680224453230027863
GameObject:
  m_ObjectHideFlags: 0
  m_CorrespondingSourceObject: {fileID: 0}
  m_PrefabInstance: {fileID: 0}
  m_PrefabAsset: {fileID: 0}
  serializedVersion: 6
  m_Component:
  - component: {fileID: 4680224453230027865}
  - component: {fileID: 4680224453230027864}
  - component: {fileID: 4680224453230027866}
  - component: {fileID: 4680224453230027867}
  m_Layer: 0
  m_Name: GameManager
  m_TagString: Untagged
  m_Icon: {fileID: 0}
  m_NavMeshLayer: 0
  m_StaticEditorFlags: 0
  m_IsActive: 1
--- !u!4 &4680224453230027865
Transform:
  m_ObjectHideFlags: 0
  m_CorrespondingSourceObject: {fileID: 0}
  m_PrefabInstance: {fileID: 0}
  m_PrefabAsset: {fileID: 0}
  m_GameObject: {fileID: 4680224453230027863}
  m_LocalRotation: {x: 0, y: 0, z: 0, w: 1}
  m_LocalPosition: {x: 0, y: 0, z: 0}
  m_LocalScale: {x: 1, y: 1, z: 1}
  m_Children: []
  m_Father: {fileID: 0}
  m_RootOrder: 0
  m_LocalEulerAnglesHint: {x: 0, y: 0, z: 0}
--- !u!114 &4680224453230027864
MonoBehaviour:
  m_ObjectHideFlags: 0
  m_CorrespondingSourceObject: {fileID: 0}
  m_PrefabInstance: {fileID: 0}
  m_PrefabAsset: {fileID: 0}
  m_GameObject: {fileID: 4680224453230027863}
  m_Enabled: 1
  m_EditorHideFlags: 0
  m_Script: {fileID: 11500000, guid: 9d8cb481fc6b3874ba2705926d47297c, type: 3}
  m_Name: 
  m_EditorClassIdentifier: 
  currentDiceLocation: {x: 0, y: -3.15, z: 0}
  diceFab: {fileID: 203017958992515379, guid: 496b65c69150e0947bef5416f9d1b2ab, type: 3}
  currentDice: {fileID: 0}
  ps: {fileID: 4680224453230027866}
  live: {fileID: 4680224453230027867}
--- !u!114 &4680224453230027866
MonoBehaviour:
  m_ObjectHideFlags: 0
  m_CorrespondingSourceObject: {fileID: 0}
  m_PrefabInstance: {fileID: 0}
  m_PrefabAsset: {fileID: 0}
  m_GameObject: {fileID: 4680224453230027863}
  m_Enabled: 1
  m_EditorHideFlags: 0
  m_Script: {fileID: 11500000, guid: 70d205790d40016479a12f5580d75f5b, type: 3}
  m_Name: 
  m_EditorClassIdentifier: 
  points: 0
  comboMeter: 0
  highestCombo: 0
  highScore: 0
  pointSlider: {fileID: 0}
  pointCounter: {fileID: 0}
  chainCounter: {fileID: 0}
--- !u!114 &4680224453230027867
MonoBehaviour:
  m_ObjectHideFlags: 0
  m_CorrespondingSourceObject: {fileID: 0}
  m_PrefabInstance: {fileID: 0}
  m_PrefabAsset: {fileID: 0}
  m_GameObject: {fileID: 4680224453230027863}
  m_Enabled: 1
  m_EditorHideFlags: 0
  m_Script: {fileID: 11500000, guid: e12980faffdd3e04195658a120e790b5, type: 3}
  m_Name: 
  m_EditorClassIdentifier: 
  lives: 6
  hearts:
  - {fileID: 0}
  - {fileID: 0}
  - {fileID: 0}
  - {fileID: 0}
  - {fileID: 0}
  - {fileID: 0}
